%% This BibTeX bibliography file was created using BibDesk.
%% http://bibdesk.sourceforge.net/

%% Created for Mhd Mousa HAMAD at 2016-06-26 13:13:52 +0200 


%% Saved with string encoding Unicode (UTF-8) 



@inproceedings{Koren:2008,
	Acmid = {1401944},
	Address = {New York, NY, USA},
	Author = {Koren, Yehuda},
	Booktitle = {Proceedings of the 14th ACM SIGKDD International Conference on Knowledge Discovery and Data Mining},
	Date-Added = {2016-06-26 11:13:48 +0000},
	Date-Modified = {2016-06-26 11:13:52 +0000},
	Doi = {10.1145/1401890.1401944},
	Isbn = {978-1-60558-193-4},
	Keywords = {collaborative filtering, recommender systems},
	Location = {Las Vegas, Nevada, USA},
	Numpages = {9},
	Pages = {426--434},
	Publisher = {ACM},
	Series = {KDD '08},
	Title = {Factorization Meets the Neighborhood: A Multifaceted Collaborative Filtering Model},
	Url = {http://doi.acm.org/10.1145/1401890.1401944},
	Year = {2008},
	Bdsk-Url-1 = {http://doi.acm.org/10.1145/1401890.1401944},
	Bdsk-Url-2 = {http://dx.doi.org/10.1145/1401890.1401944}}

@article{Koren:2009,
	Author = {Y. Koren and R. Bell and C. Volinsky},
	Date-Added = {2016-06-26 11:13:07 +0000},
	Date-Modified = {2016-06-26 11:13:19 +0000},
	Doi = {10.1109/MC.2009.263},
	Issn = {0018-9162},
	Journal = {Computer},
	Keywords = {information filtering;matrix decomposition;retail data processing;Netflix Prize competition;matrix factorization technique;nearest neighbor technique;product recommendation system;recommender system;Bioinformatics;Collaboration;Filtering;Genomics;Motion pictures;Nearest neighbor searches;Predictive models;Recommender systems;Sea measurements;Computational intelligence;Matrix factorization;Netflix Prize},
	Month = {Aug},
	Number = {8},
	Pages = {30-37},
	Title = {Matrix Factorization Techniques for Recommender Systems},
	Volume = {42},
	Year = {2009},
	Bdsk-Url-1 = {http://dx.doi.org/10.1109/MC.2009.263}}

@inproceedings{Manzato:2013,
	Acmid = {2480536},
	Address = {New York, NY, USA},
	Author = {Manzato, Marcelo Garcia},
	Booktitle = {Proceedings of the 28th Annual ACM Symposium on Applied Computing},
	Date-Added = {2016-06-26 11:10:40 +0000},
	Date-Modified = {2016-06-26 11:10:47 +0000},
	Doi = {10.1145/2480362.2480536},
	Isbn = {978-1-4503-1656-9},
	Keywords = {implicit feedback, matrix factorization, metadata awareness, recommender systems},
	Location = {Coimbra, Portugal},
	Numpages = {6},
	Pages = {908--913},
	Publisher = {ACM},
	Series = {SAC '13},
	Title = {gSVD++: Supporting Implicit Feedback on Recommender Systems with Metadata Awareness},
	Url = {http://doi.acm.org/10.1145/2480362.2480536},
	Year = {2013},
	Bdsk-Url-1 = {http://doi.acm.org/10.1145/2480362.2480536},
	Bdsk-Url-2 = {http://dx.doi.org/10.1145/2480362.2480536}}
